<?xml version="1.0" encoding="UTF-8"?><record xmlns="http://www.loc.gov/MARC21/slim" xmlns:cinclude="http://apache.org/cocoon/include/1.0" xmlns:zs="http://www.loc.gov/zing/srw/">
  <leader>01193cz  a2200205n  4500</leader>
  <controlfield tag="001">n  79035870 </controlfield>
  <controlfield tag="003">DLC</controlfield>
  <controlfield tag="005">20071102074752.0</controlfield>
  <controlfield tag="008">790418n| acannaab           |a ana      </controlfield>
  <datafield tag="010" ind1=" " ind2=" ">
    <subfield code="a">n  79035870 </subfield>
    <subfield code="z">n  79122080 </subfield>
  </datafield>
  <datafield tag="040" ind1=" " ind2=" ">
    <subfield code="a">DLC</subfield>
    <subfield code="c">DLC</subfield>
    <subfield code="d">DLC</subfield>
  </datafield>
  <datafield tag="110" ind1="2" ind2=" ">
    <subfield code="a">Bŭlgarska televizii︠a︡</subfield>
  </datafield>
  <datafield tag="410" ind1="1" ind2=" ">
    <subfield code="a">Bulgaria.</subfield>
    <subfield code="b">Komitet za televizii︠a︡ i radio.</subfield>
    <subfield code="b">Bŭlgarska televizii︠a︡</subfield>
  </datafield>
  <datafield tag="410" ind1="2" ind2=" ">
    <subfield code="a">Bulgarian Television</subfield>
  </datafield>
  <datafield tag="410" ind1="1" ind2=" ">
    <subfield code="a">Bulgaria.</subfield>
    <subfield code="b">Komitet za televizii︠a︡ i radio.</subfield>
    <subfield code="b">Bulgarian Television</subfield>
  </datafield>
  <datafield tag="510" ind1="2" ind2=" ">
    <subfield code="w">b</subfield>
    <subfield code="a">Bŭlgarska nat︠s︡ionalna televizii︠a︡</subfield>
  </datafield>
  <datafield tag="670" ind1=" " ind2=" ">
    <subfield code="a">Televizii︠a︡, radio, 26. maĭ 1978 (a.e.)</subfield>
    <subfield code="b">t.p. (Bŭlgarska televizii︠a︡)</subfield>
  </datafield>
  <datafield tag="670" ind1=" " ind2=" ">
    <subfield code="a">Europa ybk, 1977:</subfield>
    <subfield code="b">p. 501 (Committee for Television and Radio; Bulgarian Television)</subfield>
  </datafield>
  <datafield tag="670" ind1=" " ind2=" ">
    <subfield code="a">Grozeva, V. Sreshti i intervi︠u︡ta s Misterii︠a︡ta na bŭlgarskite glasove, 1996:</subfield>
    <subfield code="b">t.p. (Naroden khor pri Bŭlgarska nat︠s︡ionalna televizii︠a︡)</subfield>
  </datafield>
  <datafield tag="670" ind1=" " ind2=" ">
    <subfield code="a">Ivanova, Poli︠a︡. Pŭrva programa -- kanal 1 na BNT (1959-2000), 2005:</subfield>
    <subfield code="b">p. 217 (Bŭlgarska televizii︠a︡ changed its name to Bŭlgarska nat︠s︡ionalna televizii︠a︡ as a result of media legislation promulgated on January 27, 1993)</subfield>
  </datafield>
</record>